@article{einstein1905electrodynamics,
  title={On the electrodynamics of moving bodies},
  author={Einstein, Albert and others},
  journal={Annalen der physik},
  volume={17},
  number={10},
  pages={891--921},
  year={1905}
}

@book{khaldun2015muqaddimah,
  title={The muqaddimah: an introduction to history-abridged Edition},
  author={Khaldun, Ibn},
  year={2015},
  publisher={Princeton University Press}
}

@article{meila2000learning,
  title={Learning with mixtures of trees},
  author={Meila, Marina and Jordan, Michael I},
  journal={Journal of Machine Learning Research},
  volume={1},
  number={Oct},
  pages={1--48},
  year={2000}
}